% Examples from https://verbosus.com/bibtex-style-examples.html

@Online{Github,
  title = {Репозиторий с данной работой},
  url = {https://github.com/Ruminat/coursework-optimizing-sql-queries},
  urldate = {2021-12-05},
  hyphenation = {russian}
}

@Online{ExplainPlan,
  title = {Using EXPLAIN PLAN},
  url = {https://docs.oracle.com/cd/B10501_01/server.920/a96533/ex_plan.htm#19598},
  urldate = {2021-12-05},
  hyphenation = {russian}
}

@Online{SampleSchemas,
  title = {Oracle DB sample schemas},
  url = {https://github.com/oracle/db-sample-schemas},
  urldate = {2021-11-13},
  hyphenation = {russian}
}

@Online{StudentSchema,
  title = {Схема STUDENT},
  url = {https://dl.spbstu.ru/mod/folder/view.php?id=145766},
  urldate = {2021-11-13},
  hyphenation = {russian}
}

@Online{PDB,
  title = {Oracle portable database},
  url = {https://docs.oracle.com/database/121/CNCPT/cdbovrvw.htm#CNCPT89234},
  urldate = {2021-11-13},
  hyphenation = {russian}
}
