% Examples from https://verbosus.com/bibtex-style-examples.html

@Online{ExplainPlan,
  title = {Using EXPLAIN PLAN},
  url = {https://docs.oracle.com/cd/B10501_01/server.920/a96533/ex_plan.htm#19598},
  urldate = {2021-12-05},
  hyphenation = {russian}
}

@Online{SampleSchemas,
  title = {Oracle DB sample schemas},
  url = {https://github.com/oracle/db-sample-schemas},
  urldate = {2021-11-13},
  hyphenation = {russian}
}

@Online{StudentSchema,
  title = {Схема STUDENT},
  url = {https://dl.spbstu.ru/mod/folder/view.php?id=145766},
  urldate = {2021-11-13},
  hyphenation = {russian}
}

@Online{PDB,
  title = {Oracle portable database},
  url = {https://docs.oracle.com/database/121/CNCPT/cdbovrvw.htm#CNCPT89234},
  urldate = {2021-11-13},
  hyphenation = {russian}
}



@article{Transformer2019,
  author={T. {Maruyama} and K. {Yamamoto}},
  booktitle={2019 International Conference on Asian Language Processing (IALP)}, 
  title={Extremely Low Resource Text simplification with Pre-trained Transformer Language Model}, 
  year={2019},
  volume={},
  number={},
  pages={53-58},
  doi={10.1109/IALP48816.2019.9037650}
}

@article{takamichi2020jsss,
  title={JSSS: free Japanese speech corpus for summarization and simplification}, 
  author={Shinnosuke Takamichi and Mamoru Komachi and Naoko Tanji and Hiroshi Saruwatari},
  year={2020},
  eprint={2010.01793},
  archivePrefix={arXiv},
  primaryClass={eess.AS}
}

@article{vaswani2017attention,
  title={Attention Is All You Need}, 
  author={Ashish Vaswani and Noam Shazeer and Niki Parmar and Jakob Uszkoreit and Llion Jones and Aidan N. Gomez and Lukasz Kaiser and Illia Polosukhin},
  year={2017},
  eprint={1706.03762},
  archivePrefix={arXiv},
  primaryClass={cs.CL}
}

@article{maruyama-yamamoto-2018-simplified,
  title = "Simplified Corpus with Core Vocabulary",
  author = "Maruyama, Takumi  and
    Yamamoto, Kazuhide",
  booktitle = "Proceedings of the Eleventh International Conference on Language Resources and Evaluation ({LREC} 2018)",
  month = may,
  year = "2018",
  address = "Miyazaki, Japan",
  publisher = "European Language Resources Association (ELRA)",
  url = "https://www.aclweb.org/anthology/L18-1185",
}

@article{moku-yamamoto-2012-automatic,
  title = "Automatic Easy {J}apanese Translation for information accessibility of foreigners",
  author = "Moku, Manami  and
    Yamamoto, Hidekazu",
  booktitle = "Proceedings of the Workshop on Speech and Language Processing Tools in Education",
  month = dec,
  year = "2012",
  address = "Mumbai, India",
  publisher = "The COLING 2012 Organizing Committee",
  url = "https://www.aclweb.org/anthology/W12-5811",
  pages = "85--90",
}

@article{Unsupervised2019,
  author={A. {Katsuta} and K. {Yamamoto}},
  booktitle={2019 International Conference on Asian Language Processing (IALP)}, 
  title={Improving text simplification by corpus expansion with unsupervised learning}, 
  year={2019},
  pages={216-221},
  doi={10.1109/IALP48816.2019.9037567}
}


@Online{NHKnews,
  title = {News Web Easy},
  url = {https://www3.nhk.or.jp/news/easy/},
  urldate = {2020-11-24},
  hyphenation = {russian}
}
